@article{Ethical_Choices_in_Fable_3,
title="{Avatar Gender and Ethical Choices in Fable III}",
author={Karen Schrier},
journal={Bulletin of Science Technology And Society},
volume={20},
year={2012},
url={http://bst.sagepub.com/content/early/2012/10/24/0270467612463800},
publisher={Sage Publications},
pages={1--9}
}
@article{Exposure_to_violence_in_videogames,
title="{Exposure to violent video games increases automatic aggressiveness}",
author={Eric Uhlmann and Jane Swanson},
journal={Journal of Adolescence},
volume={27},
year={2004},
url={http://socialjudgments.com/docs/Uhlmann%20and%20Swanson%202003.pdf},
publisher={Elsevier Ltd.},
pages={41-52}
}
@article{Killing_Spree,
title="{"Killing Spree": Exploring the Connection Between Competitive Game Play and Aggressive Cognition}",
author={Mike Schmierbach},
journal={Communication Research},
volume={37},
year={2010},
url={http://crx.sagepub.com/content/37/2/256},
publisher={Sage Publications},
pages={256-266}
}
@article{Hostile_expectations,
title="{Unreal: hostile expectations from social gameplay}",
author={Matthew S. Eastin and Robert P. Griffiths},
journal={New Media Society},
volume={11},
year={2009},
url={http://nms.sagepub.com/content/11/4/509},
publisher={Sage Publications},
pages={509-533}
}
@article{Goon_culture,
title="{Spectacular Interventions in Second Life: Goon Culture, Griefing, and Disruption in Virtual Spaces}",
author={Burcu Bakioglu},
journal={Journal of Virtual Worlds Research},
volume={1},
year={2009},
publisher={Journal of Virtual Worlds Research},
pages={1-21}
}
@article{Griefing,
title="{Griefing in virtual worlds: causes, casualties and coping strategies}",
author={Thomas Chesney, Iain Coyne, Brian Logan, and Neil Madden},
journal={Info Systems J},
volume={19},
year={2009},
publisher={Blackwell Publishing Ltd},
pages={525-548}
}
@misc{Wiki_Morality,
title="{Morality}",
journal={Wikipedia},
year={2012},
howpublished={\url{http://en.wikipedia.org/wiki/Morality}}
}